% Encoding: UTF-8
@Book{esd_book,
  author    = {Steve Heath},
  title     = {Embedded Systems Design},
  year      = {2003},
  date      = {2002-12-01},
  edition   = {2nd},
  publisher = {ELSEVIER},
  isbn      = {9780750655460},
  pages     = {1 -- 14},
  ean       = {9780750655460},
  timestamp = {2022.03.02},
}

@Book{tirtos_sysbios_user_guide,
  title     = {SYS/BIOS (TI-RTOS Kernel) User's Guide},
  year      = {2017},
  date      = {2022-03-16},
  edition   = {T},
  publisher = {Texas Instruments},
  pages     = {261},
  comment   = {Downloaded from http://www.ti.com/lit/ug/spruex3t/spruex3t.pdf
},
}

@Misc{web_client_server_communication_select_site,
  title     = {javascript - In what situations would AJAX long/short polling be preferred over HTML5 WebSockets? - Stack Overflow},
  date      = {2022-03-17},
  url       = {https://stackoverflow.com/a/10029326/6818663},
  comment   = {Дата доступа --- 2022.03.17},
  timestamp = {2022-03-11},
}

@Misc{ajax_mdn_site,
  title     = {AJAX - Руководство Web-разработчика | MDN},
  date      = {2022-03-17},
  url       = {https://developer.mozilla.org/ru/docs/Web/Guide/AJAX},
  comment   = {Дата доступа --- 2022.03.17},
  timestamp = {2022-03-11},
}

@Book{websock_rfc,
  author       = {Alexey Melnikov and Ian Fette},
  title        = {The WebSocket Protocol},
  date         = {2022-03-17},
  year         = {2011},
  howpublished = {RFC 6455},
  doi          = {10.17487/RFC6455},
  comment      = {URL: https://rfc-editor.org/rfc/rfc6455.txt
Month: december},
  number       = {6455},
  pagetotal    = {71},
  pages        = {71},
  publisher    = {RFC Editor},
  series       = {Request for Comments},
}

@Misc{websock_xhr_benchmark_site,
  title     = {HTTP vs Websockets: A performance comparison – The Feathers Flightpath},
  date      = {2022-03-18},
  url       = {https://blog.feathersjs.com/http-vs-websockets-a-performance-comparison-da2533f13a77},
  comment   = {Дата доступа --- 2022.03.17},
  timestamp = {2022-03-11},
}

@Book{IEC61850_7_4,
  title        = {IEC 61850-7-4:2010 - Communication networks and systems for power utility automation - Part 7-4: Basic communication structure - Compatible logical node classes and data object classes},
  author       = {IEC},
  pages        = {421},
  number       = {61850-7-4:2010},
  comment      = {url = {https://webstore.iec.ch/publication/6017}},
  publisher    = {IEC},
  date         = {2021-11-12},
  edition      = {2.0},
}

@Misc{iec_description,
  title     = {Обзор стандарта МЭК-61850},
  date      = {2022-03-17},
  language  = {russian},
  url       = {http://i.cons-systems.ru/u/98/249206369c11e597e7a4137f262947/-/Обзор\%20стандарта\%20МЭК-61850.pdf},
}

@Misc{st_cubeide_install,
  title     = {STM32CubeIDE installation guide - User manual},
  date      = {2022-05-08},
  url       = {https://www.st.com/resource/en/user_manual/um2563-stm32cubeide-installation-guide-stmicroelectronics.pdf},
}

@Comment{jabref-meta: databaseType:biblatex;}w